
@article{hyperband,
  author  = {Lisha Li and Kevin Jamieson and Giulia DeSalvo and Afshin Rostamizadeh and Ameet Talwalkar},
  title   = {Hyperband: A Novel Bandit-Based Approach to Hyperparameter Optimization},
  journal = {Journal of Machine Learning Research},
  year    = {2018},
  volume  = {18},
  number  = {185},
  pages   = {1--52},
}

@Article{Qingyuan,
AUTHOR = {He, Tao and Zhou, Houkui and Xu, Caiyao and Hu, Junguo and Xue, Xingyu and Xu, Liuchang and Lou, Xiongwei and Zeng, Kai and Wang, Qun},
TITLE = {Deep Learning in Forest Tree Species Classification Using Sentinel-2 on Google Earth Engine: A Case Study of Qingyuan County},
JOURNAL = {Sustainability},
VOLUME = {15},
YEAR = {2023},
NUMBER = {3},
ARTICLE-NUMBER = {2741},
ISSN = {2071-1050},
}


@ARTICLE{Yanbiao2021,
  author={Xi, Yanbiao and Ren, Chunying and Tian, Qingjiu and Ren, Yongxing and Dong, Xinyu and Zhang, Zhichao},
  journal={IEEE Journal of Selected Topics in Applied Earth Observations and Remote Sensing}, 
  title={Exploitation of Time Series Sentinel-2 Data and Different Machine Learning Algorithms for Detailed Tree Species Classification}, 
  year={2021},
  volume={14},
  number={},
  pages={7589-7603}
  }


@Article{Magalhães2021,
author={Magalh{\~a}es, Juliana G. de S.
and Amoroso, Mariano M.
and Larson, Bruce C.},
title={What evidence exists on the effects of competition on trees' responses to climate change? A systematic map protocol},
journal={Environmental Evidence},
year={2021},
month={Dec},
day={11},
volume={10},
number={1},
pages={34},
issn={2047-2382},
}




@article{chauvier2021,
author = {Chauvier, Yohann and Thuiller, Wilfried and Brun, Philipp and Lavergne, Sébastien and Descombes, Patrice and Karger, Dirk N. and Renaud, Julien and Zimmermann, Niklaus E.},
title = {Influence of climate, soil, and land cover on plant species distribution in the European Alps},
journal = {Ecological Monographs},
volume = {91},
number = {2},
pages = {e01433},
keywords = {alpine ecosystems, climate homogeneity, ecological responses, elevation gradient, environmental drivers, human influence, mountain ecosystems, point-process modeling, predictive partitioning, soil heterogeneity, species redistribution, vascular vegetation},
year = {2021}
}


@misc{plantedforest,
      title={Planted: a dataset for planted forest identification from multi-satellite time series}, 
      author={Luis Miguel Pazos-Outón and Cristina Nader Vasconcelos and Anton Raichuk and Anurag Arnab and Dan Morris and Maxim Neumann},
      year={2024},
      eprint={2406.18554},
      archivePrefix={arXiv},
      primaryClass={cs.CV},
      url={https://arxiv.org/abs/2406.18554}, 
}

@inbook{hoegh2018climate,
title = "Impacts of 1.5ºC global warming on natural and human systems",
author = "Ove Hoegh-Guldberg and Daniela Jacob and Michael Taylor and Marco Bindi and Sally Brown and Ines Camilloni and Arona Diedhiou and Riyanti Djalante and Ebi, {Kristie L.} and Francois Engelbrecht and Joel Guiot and Yasuaki Hijioka and Shagun Mehrotra and Antony Payne and Seneviratne, {Sonia I.} and Adelle Thomas and Warren, {Rachel F.} and Guangsheng Zhou and Petra Tschakert",
year = "2018",
language = "English",
booktitle = "Global Warming of 1.5°C",
publisher = "IPCC",
}

@article{pettorelli2016satellite,
  author    = {N. Pettorelli and A. Duncan and D. Williamson},
  title     = {Satellite remote sensing for applied ecologists: opportunities and challenges},
  journal   = {Journal of Applied Ecology},
  volume    = {53},
  number    = {4},
  pages     = {927--936},
  year      = {2016},
  publisher = {Wiley},
}

@article{lefsky2002lidar,
  author    = {M. A. Lefsky and D. Harding and W. B. Cohen and G. G. Parker and J. Walton},
  title     = {Lidar remote sensing for ecosystem studies},
  journal   = {BioScience},
  volume    = {52},
  number    = {1},
  pages     = {19--30},
  year      = {2002},
  publisher = {Oxford University Press},
}

@article{zheng2019deep,
  author    = {Y. Zheng and Z. Wu},
  title     = {Deep learning in remote sensing: A comprehensive review and list of resources},
  journal   = {ISPRS Journal of Photogrammetry and Remote Sensing},
  volume    = {152},
  pages     = {287--309},
  year      = {2019},
  publisher = {Elsevier},
}

@article{breiman2001random,
  author    = {L. Breiman},
  title     = {Random forests},
  journal   = {Machine Learning},
  volume    = {45},
  number    = {1},
  pages     = {5--32},
  year      = {2001},
  publisher = {Springer},
}


@article{sexton2013treecover,
  author    = {Joseph O. Sexton and Xiao-Peng Song and Min Feng and Praveen Noojipady and Anupam Anand and Chengquan Huang and Do-Hyung Kim and Kathrine M. Collins and Saurabh Channan and Charlene DiMiceli and John R. Townshend},
  title     = {Global, 30-m resolution continuous fields of tree cover: {L}andsat-based rescaling of {MODIS} vegetation continuous fields with lidar-based estimates of error},
  journal   = {International Journal of Digital Earth},
  volume    = {6},
  number    = {5},
  pages     = {427--448},
  year      = {2013},
  publisher = {Taylor \& Francis},
}


@article{turner2003remotesensing,
author = {Woody Turner and Sacha Spector and Ned Gardiner and Matthew Fladeland and Eleanor Sterling and Marc Steininger},
title = {Remote sensing for biodiversity science and conservation},
journal = {Trends in Ecology \& Evolution},
volume = {18},
number = {6},
pages = {306-314},
year = {2003},
issn = {0169-5347},
}

@article{hansen2013forestcover,
author = {M. C. Hansen  and P. V. Potapov  and R. Moore  and M. Hancher  and S. A. Turubanova  and A. Tyukavina  and D. Thau  and S. V. Stehman  and S. J. Goetz  and T. R. Loveland  and A. Kommareddy  and A. Egorov  and L. Chini  and C. O. Justice  and J. R. G. Townshend },
title = {High-Resolution Global Maps of 21st-Century Forest Cover Change},
journal = {Science},
volume = {342},
number = {6160},
pages = {850-853},
year = {2013},
}

@book{fao2020gfra,
  title     = {Global Forest Resources Assessment 2020: Main Report},
  author    = {{Food and Agriculture Organization of the United Nations}},
  year      = {2020},
  publisher = {Food and Agriculture Organization of the United Nations},
  address   = {Rome},
}


@ARTICLE{watson2018intact,
  title = "The exceptional value of intact forest ecosystems",
  author= "Watson, James E M and Evans, Tom and Venter, Oscar and Williams,
               Brooke and Tulloch, Ayesha and Stewart, Claire and Thompson, Ian
               and Ray, Justina C and Murray, Kris and Salazar, Alvaro and
               McAlpine, Clive and Potapov, Peter and Walston, Joe and
               Robinson, John G and Painter, Michael and Wilkie, David and
               Filardi, Christopher and Laurance, William F and Houghton,
               Richard A and Maxwell, Sean and Grantham, Hedley and Samper,
               Cristi{\'a}n and Wang, Stephanie and Laestadius, Lars and
               Runting, Rebecca K and Silva-Ch{\'a}vez, Gustavo A and Ervin,
               Jamison and Lindenmayer, David",
  journal = "Nat. Ecol. Evol.",
  publisher = "Springer Science and Business Media LLC",
  volume    =  2,
  number    =  4,
  pages     = "599--610",
  month     =  feb,
  year      =  2018,
}

@article{bonan2008forests,
author = {Gordon B. Bonan},
title = {Forests and Climate Change: Forcings, Feedbacks, and the Climate Benefits of Forests},
journal = {Science},
volume = {320},
number = {5882},
pages = {1444-1449},
year = {2008},
doi = {10.1126/science.1155121},
}


@incollection{vose2018forests,
  title = {Ch. 6: Forests},
  author = {Vose, James M. and others},
  booktitle = {Impacts, Risks, and Adaptation in the United States: Fourth National Climate Assessment, Volume II},
  chapter = {6},
  pages = {243},
  year = {2018},
  publisher = {U.S. Global Change Research Program},
  address = {Washington, DC}
}


@article{climate_choice,
author = {Toledo, Marisol and Poorter, Lourens and Peña-Claros, Marielos and Alarcón, Alfredo and Balcázar, Julio and Leaño, Claudio and Licona, Juan Carlos and Llanque, Oscar and Vroomans, Vincent and Zuidema, Pieter and Bongers, Frans},
title = {Climate is a stronger driver of tree and forest growth rates than soil and disturbance},
journal = {Journal of Ecology},
volume = {99},
number = {1},
pages = {254-264},
keywords = {Bolivia, climate, disturbance, growth rate, logging, plant–climate interactions, rainfall, soil, temperature, tropical forest},
year = {2011}
}


@article{era5,
author = {Hersbach, Hans and Bell, Bill and Berrisford, Paul and Hirahara, Shoji and Horányi, András and Muñoz-Sabater, Joaquín and Nicolas, Julien and Peubey, Carole and Radu, Raluca and Schepers, Dinand and Simmons, Adrian and Soci, Cornel and Abdalla, Saleh and Abellan, Xavier and Balsamo, Gianpaolo and Bechtold, Peter and Biavati, Gionata and Bidlot, Jean and Bonavita, Massimo and De Chiara, Giovanna and Dahlgren, Per and Dee, Dick and Diamantakis, Michail and Dragani, Rossana and Flemming, Johannes and Forbes, Richard and Fuentes, Manuel and Geer, Alan and Haimberger, Leo and Healy, Sean and Hogan, Robin J. and Hólm, Elías and Janisková, Marta and Keeley, Sarah and Laloyaux, Patrick and Lopez, Philippe and Lupu, Cristina and Radnoti, Gabor and de Rosnay, Patricia and Rozum, Iryna and Vamborg, Freja and Villaume, Sebastien and Thépaut, Jean-Noël},
title = {{The ERA5 global reanalysis}},
journal = {Quarterly Journal of the Royal Meteorological Society},
volume = {146},
number = {730},
pages = {1999-2049},
keywords = {climate reanalysis, Copernicus Climate Change Service, data assimilation, ERA5, historical observations},
year = {2020}
}

@misc{dem_dataset,
  author = {Copernicus},
  title = {{Copernicus DEM \- Global and European Digital Elevation Model}},
  year = {2011-2015},
  publisher = {Copernicus},
  howpublished = {\url{https://doi.org/10.5270/ESA-c5d3d65}},
}

@misc{era5_dataset,
  author = {ECMWF},
  title = {{ERA5-Land Monthly Aggregated \- ECMWF Climate Reanalysis}},
  year = {1950-Present},
  publisher = {Google Earth Engine},
  howpublished = {\url{https://developers.google.com/earth-engine/datasets/catalog/ECMWF_ERA5_LAND_MONTHLY_AGGR}},
}

@misc{resnet,
      title={Deep Residual Learning for Image Recognition}, 
      author={Kaiming He and Xiangyu Zhang and Shaoqing Ren and Jian Sun},
      year={2015},
      eprint={1512.03385},
      archivePrefix={arXiv},
      primaryClass={cs.CV},
}

@misc{visualkeras,
  author = {Gavrikov, Paul},
  title = {visualkeras},
  year = {2020},
  publisher = {GitHub},
  journal = {GitHub repository},
  howpublished = {\url{https://github.com/paulgavrikov/visualkeras}},
}

@Article{eu_forest_data,
author={Mauri, Achille
and Strona, Giovanni
and San-Miguel-Ayanz, Jes{\'u}s},
title={{EU-Forest, a high-resolution tree occurrence dataset for Europe}},
journal={Scientific Data},
year={2017},
month={Jan},
day={05},
volume={4},
number={1},
pages={160123},
abstract={We present EU-Forest, a dataset that integrates and extends by almost one order of magnitude the publicly available information on European tree species distribution. The core of our dataset ({\textasciitilde}96{\%} of the occurrence records) came from an unpublished, large database harmonising forest plot surveys from National Forest Inventories on an INSPIRE-compliant 1{\thinspace}km{\texttimes}1{\thinspace}km grid. These new data can potentially benefit several disciplines, including forestry, biodiversity conservation, palaeoecology, plant ecology, the bioeconomy, and pest management.},
issn={2052-4463},
} 

@Article{eu_forest_report,
author={European Commission},
title={Communication from the Commission to the European Parliament, the Council, the European Economic and Social Committee and the Committee of the Regions Stepping up EU Action to Protect and Restore the World’s Forests},
journal={Committee on the Environment, Public Health and Consumer Policy},
year={2019}
}


@Article{soil_report,
AUTHOR = {Poggio, L. and de Sousa, L. M. and Batjes, N. H. and Heuvelink, G. B. M. and Kempen, B. and Ribeiro, E. and Rossiter, D.},
TITLE = {{SoilGrids 2.0: producing soil information for the globe with quantified spatial uncertainty}},
JOURNAL = {SOIL},
VOLUME = {7},
YEAR = {2021},
NUMBER = {1},
PAGES = {217--240},
}

@misc{omalley2019kerastuner,
    title        = {KerasTuner},
    author       = {O'Malley, Tom and Bursztein, Elie and Long, James and Chollet, Fran\c{c}ois and Jin, Haifeng and Invernizzi, Luca and others},
    year         = 2019,
    howpublished = {\url{https://github.com/keras-team/keras-tuner}}
}



%%%%%%%%%%%%%%%%%%%%%%%%%%%%%%%%%%%%%%%%%%%%%%%%%%%%%%
%%%%%%%%%%%%%%%%%%%%%%%%%%%%%%%%%%%%%%%%%%%%%%%%%%%%%%
%%%%%%%%%%%%%%%%%%%%%%%%%%%%%%%%%%%%%%%%%%%%%%%%%%%%%%
%%%%%%%%%%%%%%%%%%%%%%%%%%%%%%%%%%%%%%%%%%%%%%%%%%%%%%



@Article{china_classification,
AUTHOR = {Ma, Minfei and Liu, Jianhong and Liu, Mingxing and Zeng, Jingchao and Li, Yuanhui},
TITLE = {Tree Species Classification Based on Sentinel-2 Imagery and Random Forest Classifier in the Eastern Regions of the Qilian Mountains},
JOURNAL = {Forests},
VOLUME = {12},
YEAR = {2021},
NUMBER = {12},
ARTICLE-NUMBER = {1736},
URL = {https://www.mdpi.com/1999-4907/12/12/1736},
ISSN = {1999-4907},
DOI = {10.3390/f12121736}
}

@Article{africa_classification,
AUTHOR = {Moskolaï, Waytehad Rose and Abdou, Wahabou and Dipanda, Albert and Kolyang},
TITLE = {A Workflow for Collecting and Preprocessing Sentinel-1 Images for Time Series Prediction Suitable for Deep Learning Algorithms},
JOURNAL = {Geomatics},
VOLUME = {2},
YEAR = {2022},
NUMBER = {4},
PAGES = {435--456},
URL = {https://www.mdpi.com/2673-7418/2/4/24},
ISSN = {2673-7418},
DOI = {10.3390/geomatics2040024}
}

@article{belgium_classification,
title = {Mapping tree species proportions from satellite imagery using spectral–spatial deep learning},
journal = {Remote Sensing of Environment},
volume = {280},
pages = {113205},
year = {2022},
issn = {0034-4257},
doi = {https://doi.org/10.1016/j.rse.2022.113205},
url = {https://www.sciencedirect.com/science/article/pii/S0034425722003145},
author = {Corentin Bolyn and Philippe Lejeune and Adrien Michez and Nicolas Latte},
keywords = {Spectral–spatial deep learning, Convolutional neural network, Satellite, Land cover, Proportions, Tree species},
}

@Article{rs10111794,
AUTHOR = {Persson, Magnus and Lindberg, Eva and Reese, Heather},
TITLE = {Tree Species Classification with Multi-Temporal Sentinel-2 Data},
JOURNAL = {Remote Sensing},
VOLUME = {10},
YEAR = {2018},
NUMBER = {11},
ARTICLE-NUMBER = {1794},
URL = {https://www.mdpi.com/2072-4292/10/11/1794},
ISSN = {2072-4292},
DOI = {10.3390/rs10111794}
}

@Article{germany_bavaria,
AUTHOR = {Wessel, Mathias and Brandmeier, Melanie and Tiede, Dirk},
TITLE = {Evaluation of Different Machine Learning Algorithms for Scalable Classification of Tree Types and Tree Species Based on Sentinel-2 Data},
JOURNAL = {Remote Sensing},
VOLUME = {10},
YEAR = {2018},
NUMBER = {9},
ARTICLE-NUMBER = {1419},
URL = {https://www.mdpi.com/2072-4292/10/9/1419},
ISSN = {2072-4292},
DOI = {10.3390/rs10091419}
}

@ARTICLE{china_northeast,
  author={Xi, Yanbiao and Ren, Chunying and Tian, Qingjiu and Ren, Yongxing and Dong, Xinyu and Zhang, Zhichao},
  journal={IEEE Journal of Selected Topics in Applied Earth Observations and Remote Sensing}, 
  title={Exploitation of Time Series Sentinel-2 Data and Different Machine Learning Algorithms for Detailed Tree Species Classification}, 
  year={2021},
  volume={14},
  number={},
  pages={7589-7603},
  doi={10.1109/JSTARS.2021.3098817}}

@Article{copernicus_main,
AUTHOR = {Ahlswede, S. and Schulz, C. and Gava, C. and Helber, P. and Bischke, B. and F\"orster, M. and Arias, F. and Hees, J. and Demir, B. and Kleinschmit, B.},
TITLE = {\textit{TreeSatAI Benchmark Archive}: a multi-sensor, multi-label dataset for tree species classification in remote sensing},
JOURNAL = {Earth System Science Data},
VOLUME = {15},
YEAR = {2023},
NUMBER = {2},
PAGES = {681--695},
URL = {https://essd.copernicus.org/articles/15/681/2023/},
DOI = {10.5194/essd-15-681-2023}
}

@Article{usda,
AUTHOR = {Krist, Frank J. and Ellenwood, James R. and Woods, Meghan E. and McMahan, Andrew J. and Cowardin, John P. and Ryerson, Daniel E. and Sapio, Frank J. and Zweifler, Mark O. and Romero, Sheryl A.},
TITLE = {2013-2027 National Insect and Disease Forest Risk Assessment.},
JOURNAL = {Fort Collins, CO: US Forest Service, Forest Health Technology and Enterprise Team},
YEAR = {2014},
}

@Article{indonesia,
author={Furusawa, Takuro 
and Koera, Takuya
and Siburian, Rikson
and Wicaksono, Agung
and Matsudaira, Kazunari
and Ishioka, Yoshinori},
title={Time-series analysis of satellite imagery for detecting vegetation cover changes in Indonesia},
journal={Scientific Reports},
year={2023},
month={May},
day={25},
volume={13},
number={1},
}

@Article{pakistan,
author={Mehmood, Kaleem
and Anees, Shoaib Ahmad
and Muhammad, Sultan
and Hussain, Khadim
and Shahzad, Fahad
and Liu, Qijing
and Ansari, Mohammad Javed
and Alharbi, Sulaiman Ali
and Khan, Waseem Razzaq},
title={Analyzing vegetation health dynamics across seasons and regions through NDVI and climatic variables},
journal={Scientific Reports},
year={2024},
month={May},
day={23},
volume={14},
number={1},
pages={11775},
issn={2045-2322}
}




